%YAML 1.1
%TAG !u! tag:unity3d.com,2011:
--- !u!29 &1
OcclusionCullingSettings:
  m_ObjectHideFlags: 0
  serializedVersion: 2
  m_OcclusionBakeSettings:
    smallestOccluder: 5
    smallestHole: 0.25
    backfaceThreshold: 100
  m_SceneGUID: 00000000000000000000000000000000
  m_OcclusionCullingData: {fileID: 0}
--- !u!104 &2
RenderSettings:
  m_ObjectHideFlags: 0
  serializedVersion: 8
  m_Fog: 0
  m_FogColor: {r: 0.5, g: 0.5, b: 0.5, a: 1}
  m_FogMode: 3
  m_FogDensity: 0.01
  m_LinearFogStart: 0
  m_LinearFogEnd: 300
  m_AmbientSkyColor: {r: 0.212, g: 0.227, b: 0.259, a: 1}
  m_AmbientEquatorColor: {r: 0.114, g: 0.125, b: 0.133, a: 1}
  m_AmbientGroundColor: {r: 0.047, g: 0.043, b: 0.035, a: 1}
  m_AmbientIntensity: 1
  m_AmbientMode: 3
  m_SubtractiveShadowColor: {r: 0.42, g: 0.478, b: 0.627, a: 1}
  m_SkyboxMaterial: {fileID: 0}
  m_HaloStrength: 0.5
  m_FlareStrength: 1
  m_FlareFadeSpeed: 3
  m_HaloTexture: {fileID: 0}
  m_SpotCookie: {fileID: 10001, guid: 0000000000000000e000000000000000, type: 0}
  m_DefaultReflectionMode: 0
  m_DefaultReflectionResolution: 128
  m_ReflectionBounces: 1
  m_ReflectionIntensity: 1
  m_CustomReflection: {fileID: 0}
  m_Sun: {fileID: 0}
  m_IndirectSpecularColor: {r: 0, g: 0, b: 0, a: 1}
--- !u!157 &3
LightmapSettings:
  m_ObjectHideFlags: 0
  serializedVersion: 11
  m_GIWorkflowMode: 1
  m_GISettings:
    serializedVersion: 2
    m_BounceScale: 1
    m_IndirectOutputScale: 1
    m_AlbedoBoost: 1
    m_TemporalCoherenceThreshold: 1
    m_EnvironmentLightingMode: 0
    m_EnableBakedLightmaps: 0
    m_EnableRealtimeLightmaps: 0
  m_LightmapEditorSettings:
    serializedVersion: 9
    m_Resolution: 2
    m_BakeResolution: 40
    m_TextureWidth: 1024
    m_TextureHeight: 1024
    m_AO: 0
    m_AOMaxDistance: 1
    m_CompAOExponent: 1
    m_CompAOExponentDirect: 0
    m_Padding: 2
    m_LightmapParameters: {fileID: 0}
    m_LightmapsBakeMode: 1
    m_TextureCompression: 1
    m_FinalGather: 0
    m_FinalGatherFiltering: 1
    m_FinalGatherRayCount: 256
    m_ReflectionCompression: 2
    m_MixedBakeMode: 2
    m_BakeBackend: 0
    m_PVRSampling: 1
    m_PVRDirectSampleCount: 32
    m_PVRSampleCount: 500
    m_PVRBounces: 2
    m_PVRFiltering: 0
    m_PVRFilteringMode: 1
    m_PVRCulling: 1
    m_PVRFilteringGaussRadiusDirect: 1
    m_PVRFilteringGaussRadiusIndirect: 5
    m_PVRFilteringGaussRadiusAO: 2
    m_PVRFilteringAtrousColorSigma: 1
    m_PVRFilteringAtrousNormalSigma: 1
    m_PVRFilteringAtrousPositionSigma: 1
  m_LightingDataAsset: {fileID: 0}
  m_UseShadowmask: 1
--- !u!196 &4
NavMeshSettings:
  serializedVersion: 2
  m_ObjectHideFlags: 0
  m_BuildSettings:
    serializedVersion: 2
    agentTypeID: 0
    agentRadius: 0.5
    agentHeight: 2
    agentSlope: 45
    agentClimb: 0.4
    ledgeDropHeight: 0
    maxJumpAcrossDistance: 0
    minRegionArea: 2
    manualCellSize: 0
    cellSize: 0.16666667
    manualTileSize: 0
    tileSize: 256
    accuratePlacement: 0
  m_NavMeshData: {fileID: 0}
--- !u!1001 &144453546
Prefab:
  m_ObjectHideFlags: 0
  serializedVersion: 2
  m_Modification:
    m_TransformParent: {fileID: 1701515586}
    m_Modifications:
    - target: {fileID: 224366925749122106, guid: 6bd3f9b7478f67549a4b682015baf1d5,
        type: 2}
      propertyPath: m_LocalPosition.x
      value: 0
      objectReference: {fileID: 0}
    - target: {fileID: 224366925749122106, guid: 6bd3f9b7478f67549a4b682015baf1d5,
        type: 2}
      propertyPath: m_LocalPosition.y
      value: 0
      objectReference: {fileID: 0}
    - target: {fileID: 224366925749122106, guid: 6bd3f9b7478f67549a4b682015baf1d5,
        type: 2}
      propertyPath: m_LocalPosition.z
      value: 0
      objectReference: {fileID: 0}
    - target: {fileID: 224366925749122106, guid: 6bd3f9b7478f67549a4b682015baf1d5,
        type: 2}
      propertyPath: m_LocalRotation.x
      value: 0
      objectReference: {fileID: 0}
    - target: {fileID: 224366925749122106, guid: 6bd3f9b7478f67549a4b682015baf1d5,
        type: 2}
      propertyPath: m_LocalRotation.y
      value: 0
      objectReference: {fileID: 0}
    - target: {fileID: 224366925749122106, guid: 6bd3f9b7478f67549a4b682015baf1d5,
        type: 2}
      propertyPath: m_LocalRotation.z
      value: 0
      objectReference: {fileID: 0}
    - target: {fileID: 224366925749122106, guid: 6bd3f9b7478f67549a4b682015baf1d5,
        type: 2}
      propertyPath: m_LocalRotation.w
      value: 1
      objectReference: {fileID: 0}
    - target: {fileID: 224366925749122106, guid: 6bd3f9b7478f67549a4b682015baf1d5,
        type: 2}
      propertyPath: m_RootOrder
      value: 1
      objectReference: {fileID: 0}
    - target: {fileID: 224366925749122106, guid: 6bd3f9b7478f67549a4b682015baf1d5,
        type: 2}
      propertyPath: m_AnchoredPosition.x
      value: 25
      objectReference: {fileID: 0}
    - target: {fileID: 224366925749122106, guid: 6bd3f9b7478f67549a4b682015baf1d5,
        type: 2}
      propertyPath: m_AnchoredPosition.y
      value: -60
      objectReference: {fileID: 0}
    - target: {fileID: 224366925749122106, guid: 6bd3f9b7478f67549a4b682015baf1d5,
        type: 2}
      propertyPath: m_SizeDelta.x
      value: -50
      objectReference: {fileID: 0}
    - target: {fileID: 224366925749122106, guid: 6bd3f9b7478f67549a4b682015baf1d5,
        type: 2}
      propertyPath: m_SizeDelta.y
      value: 1.5
      objectReference: {fileID: 0}
    - target: {fileID: 224366925749122106, guid: 6bd3f9b7478f67549a4b682015baf1d5,
        type: 2}
      propertyPath: m_AnchorMin.x
      value: 0
      objectReference: {fileID: 0}
    - target: {fileID: 224366925749122106, guid: 6bd3f9b7478f67549a4b682015baf1d5,
        type: 2}
      propertyPath: m_AnchorMin.y
      value: 1
      objectReference: {fileID: 0}
    - target: {fileID: 224366925749122106, guid: 6bd3f9b7478f67549a4b682015baf1d5,
        type: 2}
      propertyPath: m_AnchorMax.x
      value: 1
      objectReference: {fileID: 0}
    - target: {fileID: 224366925749122106, guid: 6bd3f9b7478f67549a4b682015baf1d5,
        type: 2}
      propertyPath: m_AnchorMax.y
      value: 1
      objectReference: {fileID: 0}
    - target: {fileID: 224366925749122106, guid: 6bd3f9b7478f67549a4b682015baf1d5,
        type: 2}
      propertyPath: m_Pivot.x
      value: 0
      objectReference: {fileID: 0}
    - target: {fileID: 224366925749122106, guid: 6bd3f9b7478f67549a4b682015baf1d5,
        type: 2}
      propertyPath: m_Pivot.y
      value: 1
      objectReference: {fileID: 0}
    m_RemovedComponents: []
  m_ParentPrefab: {fileID: 100100000, guid: 6bd3f9b7478f67549a4b682015baf1d5, type: 2}
  m_IsPrefabParent: 0
--- !u!1 &261242162
GameObject:
  m_ObjectHideFlags: 0
  m_PrefabParentObject: {fileID: 0}
  m_PrefabInternal: {fileID: 0}
  serializedVersion: 5
  m_Component:
  - component: {fileID: 261242165}
  - component: {fileID: 261242164}
  - component: {fileID: 261242163}
  - component: {fileID: 261242166}
  m_Layer: 0
  m_Name: EventSystem
  m_TagString: Untagged
  m_Icon: {fileID: 0}
  m_NavMeshLayer: 0
  m_StaticEditorFlags: 0
  m_IsActive: 1
--- !u!114 &261242163
MonoBehaviour:
  m_ObjectHideFlags: 0
  m_PrefabParentObject: {fileID: 0}
  m_PrefabInternal: {fileID: 0}
  m_GameObject: {fileID: 261242162}
  m_Enabled: 1
  m_EditorHideFlags: 0
  m_Script: {fileID: 1077351063, guid: f5f67c52d1564df4a8936ccd202a3bd8, type: 3}
  m_Name: 
  m_EditorClassIdentifier: 
  m_HorizontalAxis: Horizontal
  m_VerticalAxis: Vertical
  m_SubmitButton: Submit
  m_CancelButton: Cancel
  m_InputActionsPerSecond: 10
  m_RepeatDelay: 0.5
  m_ForceModuleActive: 0
--- !u!114 &261242164
MonoBehaviour:
  m_ObjectHideFlags: 0
  m_PrefabParentObject: {fileID: 0}
  m_PrefabInternal: {fileID: 0}
  m_GameObject: {fileID: 261242162}
  m_Enabled: 1
  m_EditorHideFlags: 0
  m_Script: {fileID: -619905303, guid: f5f67c52d1564df4a8936ccd202a3bd8, type: 3}
  m_Name: 
  m_EditorClassIdentifier: 
  m_FirstSelected: {fileID: 0}
  m_sendNavigationEvents: 1
  m_DragThreshold: 5
--- !u!4 &261242165
Transform:
  m_ObjectHideFlags: 0
  m_PrefabParentObject: {fileID: 0}
  m_PrefabInternal: {fileID: 0}
  m_GameObject: {fileID: 261242162}
  m_LocalRotation: {x: 0, y: 0, z: 0, w: 1}
  m_LocalPosition: {x: 0, y: 0, z: 0}
  m_LocalScale: {x: 1, y: 1, z: 1}
  m_Children: []
  m_Father: {fileID: 0}
  m_RootOrder: 1
  m_LocalEulerAnglesHint: {x: 0, y: 0, z: 0}
--- !u!114 &261242166
MonoBehaviour:
  m_ObjectHideFlags: 0
  m_PrefabParentObject: {fileID: 0}
  m_PrefabInternal: {fileID: 0}
  m_GameObject: {fileID: 261242162}
  m_Enabled: 1
  m_EditorHideFlags: 0
  m_Script: {fileID: 11500000, guid: 45e3fceff470e6144ab501c9c2dfe27d, type: 3}
  m_Name: 
  m_EditorClassIdentifier: 
--- !u!1001 &329967897
Prefab:
  m_ObjectHideFlags: 0
  serializedVersion: 2
  m_Modification:
    m_TransformParent: {fileID: 1564503846}
    m_Modifications:
    - target: {fileID: 224597606996335984, guid: 61c8cd21393b28e428705857bfbf32b4,
        type: 2}
      propertyPath: m_LocalPosition.x
      value: 0
      objectReference: {fileID: 0}
    - target: {fileID: 224597606996335984, guid: 61c8cd21393b28e428705857bfbf32b4,
        type: 2}
      propertyPath: m_LocalPosition.y
      value: 0
      objectReference: {fileID: 0}
    - target: {fileID: 224597606996335984, guid: 61c8cd21393b28e428705857bfbf32b4,
        type: 2}
      propertyPath: m_LocalPosition.z
      value: 0
      objectReference: {fileID: 0}
    - target: {fileID: 224597606996335984, guid: 61c8cd21393b28e428705857bfbf32b4,
        type: 2}
      propertyPath: m_LocalRotation.x
      value: -0
      objectReference: {fileID: 0}
    - target: {fileID: 224597606996335984, guid: 61c8cd21393b28e428705857bfbf32b4,
        type: 2}
      propertyPath: m_LocalRotation.y
      value: -0
      objectReference: {fileID: 0}
    - target: {fileID: 224597606996335984, guid: 61c8cd21393b28e428705857bfbf32b4,
        type: 2}
      propertyPath: m_LocalRotation.z
      value: -0
      objectReference: {fileID: 0}
    - target: {fileID: 224597606996335984, guid: 61c8cd21393b28e428705857bfbf32b4,
        type: 2}
      propertyPath: m_LocalRotation.w
      value: 1
      objectReference: {fileID: 0}
    - target: {fileID: 224597606996335984, guid: 61c8cd21393b28e428705857bfbf32b4,
        type: 2}
      propertyPath: m_RootOrder
      value: 3
      objectReference: {fileID: 0}
    - target: {fileID: 224597606996335984, guid: 61c8cd21393b28e428705857bfbf32b4,
        type: 2}
      propertyPath: m_AnchoredPosition.x
      value: 100
      objectReference: {fileID: 0}
    - target: {fileID: 224597606996335984, guid: 61c8cd21393b28e428705857bfbf32b4,
        type: 2}
      propertyPath: m_AnchoredPosition.y
      value: -277
      objectReference: {fileID: 0}
    - target: {fileID: 224597606996335984, guid: 61c8cd21393b28e428705857bfbf32b4,
        type: 2}
      propertyPath: m_SizeDelta.x
      value: 800
      objectReference: {fileID: 0}
    - target: {fileID: 224597606996335984, guid: 61c8cd21393b28e428705857bfbf32b4,
        type: 2}
      propertyPath: m_SizeDelta.y
      value: 60
      objectReference: {fileID: 0}
    - target: {fileID: 224597606996335984, guid: 61c8cd21393b28e428705857bfbf32b4,
        type: 2}
      propertyPath: m_AnchorMin.x
      value: 0
      objectReference: {fileID: 0}
    - target: {fileID: 224597606996335984, guid: 61c8cd21393b28e428705857bfbf32b4,
        type: 2}
      propertyPath: m_AnchorMin.y
      value: 1
      objectReference: {fileID: 0}
    - target: {fileID: 224597606996335984, guid: 61c8cd21393b28e428705857bfbf32b4,
        type: 2}
      propertyPath: m_AnchorMax.x
      value: 0
      objectReference: {fileID: 0}
    - target: {fileID: 224597606996335984, guid: 61c8cd21393b28e428705857bfbf32b4,
        type: 2}
      propertyPath: m_AnchorMax.y
      value: 1
      objectReference: {fileID: 0}
    - target: {fileID: 224597606996335984, guid: 61c8cd21393b28e428705857bfbf32b4,
        type: 2}
      propertyPath: m_Pivot.x
      value: 0
      objectReference: {fileID: 0}
    - target: {fileID: 224597606996335984, guid: 61c8cd21393b28e428705857bfbf32b4,
        type: 2}
      propertyPath: m_Pivot.y
      value: 1
      objectReference: {fileID: 0}
    - target: {fileID: 1129760719717258, guid: 61c8cd21393b28e428705857bfbf32b4, type: 2}
      propertyPath: m_Name
      value: btn_Planned_Task
      objectReference: {fileID: 0}
    - target: {fileID: 114385859937185996, guid: 61c8cd21393b28e428705857bfbf32b4,
        type: 2}
      propertyPath: m_Text
      value: Tarea Planificada
      objectReference: {fileID: 0}
    m_RemovedComponents: []
  m_ParentPrefab: {fileID: 100100000, guid: 61c8cd21393b28e428705857bfbf32b4, type: 2}
  m_IsPrefabParent: 0
--- !u!1001 &426164017
Prefab:
  m_ObjectHideFlags: 0
  serializedVersion: 2
  m_Modification:
    m_TransformParent: {fileID: 1564503846}
    m_Modifications:
    - target: {fileID: 224597606996335984, guid: 61c8cd21393b28e428705857bfbf32b4,
        type: 2}
      propertyPath: m_LocalPosition.x
      value: 0
      objectReference: {fileID: 0}
    - target: {fileID: 224597606996335984, guid: 61c8cd21393b28e428705857bfbf32b4,
        type: 2}
      propertyPath: m_LocalPosition.y
      value: 0
      objectReference: {fileID: 0}
    - target: {fileID: 224597606996335984, guid: 61c8cd21393b28e428705857bfbf32b4,
        type: 2}
      propertyPath: m_LocalPosition.z
      value: 0
      objectReference: {fileID: 0}
    - target: {fileID: 224597606996335984, guid: 61c8cd21393b28e428705857bfbf32b4,
        type: 2}
      propertyPath: m_LocalRotation.x
      value: -0
      objectReference: {fileID: 0}
    - target: {fileID: 224597606996335984, guid: 61c8cd21393b28e428705857bfbf32b4,
        type: 2}
      propertyPath: m_LocalRotation.y
      value: -0
      objectReference: {fileID: 0}
    - target: {fileID: 224597606996335984, guid: 61c8cd21393b28e428705857bfbf32b4,
        type: 2}
      propertyPath: m_LocalRotation.z
      value: -0
      objectReference: {fileID: 0}
    - target: {fileID: 224597606996335984, guid: 61c8cd21393b28e428705857bfbf32b4,
        type: 2}
      propertyPath: m_LocalRotation.w
      value: 1
      objectReference: {fileID: 0}
    - target: {fileID: 224597606996335984, guid: 61c8cd21393b28e428705857bfbf32b4,
        type: 2}
      propertyPath: m_RootOrder
      value: 0
      objectReference: {fileID: 0}
    - target: {fileID: 224597606996335984, guid: 61c8cd21393b28e428705857bfbf32b4,
        type: 2}
      propertyPath: m_AnchoredPosition.x
      value: 100
      objectReference: {fileID: 0}
    - target: {fileID: 224597606996335984, guid: 61c8cd21393b28e428705857bfbf32b4,
        type: 2}
      propertyPath: m_AnchoredPosition.y
      value: -25
      objectReference: {fileID: 0}
    - target: {fileID: 224597606996335984, guid: 61c8cd21393b28e428705857bfbf32b4,
        type: 2}
      propertyPath: m_SizeDelta.x
      value: 800
      objectReference: {fileID: 0}
    - target: {fileID: 224597606996335984, guid: 61c8cd21393b28e428705857bfbf32b4,
        type: 2}
      propertyPath: m_SizeDelta.y
      value: 60
      objectReference: {fileID: 0}
    - target: {fileID: 224597606996335984, guid: 61c8cd21393b28e428705857bfbf32b4,
        type: 2}
      propertyPath: m_AnchorMin.x
      value: 0
      objectReference: {fileID: 0}
    - target: {fileID: 224597606996335984, guid: 61c8cd21393b28e428705857bfbf32b4,
        type: 2}
      propertyPath: m_AnchorMin.y
      value: 1
      objectReference: {fileID: 0}
    - target: {fileID: 224597606996335984, guid: 61c8cd21393b28e428705857bfbf32b4,
        type: 2}
      propertyPath: m_AnchorMax.x
      value: 0
      objectReference: {fileID: 0}
    - target: {fileID: 224597606996335984, guid: 61c8cd21393b28e428705857bfbf32b4,
        type: 2}
      propertyPath: m_AnchorMax.y
      value: 1
      objectReference: {fileID: 0}
    - target: {fileID: 224597606996335984, guid: 61c8cd21393b28e428705857bfbf32b4,
        type: 2}
      propertyPath: m_Pivot.x
      value: 0
      objectReference: {fileID: 0}
    - target: {fileID: 224597606996335984, guid: 61c8cd21393b28e428705857bfbf32b4,
        type: 2}
      propertyPath: m_Pivot.y
      value: 1
      objectReference: {fileID: 0}
    - target: {fileID: 1129760719717258, guid: 61c8cd21393b28e428705857bfbf32b4, type: 2}
      propertyPath: m_Name
      value: btn_Contract
      objectReference: {fileID: 0}
    - target: {fileID: 114385859937185996, guid: 61c8cd21393b28e428705857bfbf32b4,
        type: 2}
      propertyPath: m_Text
      value: Contrato
      objectReference: {fileID: 0}
    m_RemovedComponents: []
  m_ParentPrefab: {fileID: 100100000, guid: 61c8cd21393b28e428705857bfbf32b4, type: 2}
  m_IsPrefabParent: 0
--- !u!1 &520183139
GameObject:
  m_ObjectHideFlags: 0
  m_PrefabParentObject: {fileID: 0}
  m_PrefabInternal: {fileID: 0}
  serializedVersion: 5
  m_Component:
  - component: {fileID: 520183140}
  - component: {fileID: 520183143}
  - component: {fileID: 520183142}
  - component: {fileID: 520183141}
  m_Layer: 0
  m_Name: Canvas
  m_TagString: Untagged
  m_Icon: {fileID: 0}
  m_NavMeshLayer: 0
  m_StaticEditorFlags: 0
  m_IsActive: 1
--- !u!224 &520183140
RectTransform:
  m_ObjectHideFlags: 0
  m_PrefabParentObject: {fileID: 0}
  m_PrefabInternal: {fileID: 0}
  m_GameObject: {fileID: 520183139}
  m_LocalRotation: {x: 0, y: 0, z: 0, w: 1}
  m_LocalPosition: {x: 0, y: 0, z: 0}
  m_LocalScale: {x: 0, y: 0, z: 0}
  m_Children:
  - {fileID: 1701515586}
  m_Father: {fileID: 792416620}
  m_RootOrder: 0
  m_LocalEulerAnglesHint: {x: 0, y: 0, z: 0}
  m_AnchorMin: {x: 0, y: 0}
  m_AnchorMax: {x: 0, y: 0}
  m_AnchoredPosition: {x: 0, y: 0}
  m_SizeDelta: {x: 0, y: 0}
  m_Pivot: {x: 0, y: 0}
--- !u!114 &520183141
MonoBehaviour:
  m_ObjectHideFlags: 0
  m_PrefabParentObject: {fileID: 0}
  m_PrefabInternal: {fileID: 0}
  m_GameObject: {fileID: 520183139}
  m_Enabled: 1
  m_EditorHideFlags: 0
  m_Script: {fileID: 1301386320, guid: f5f67c52d1564df4a8936ccd202a3bd8, type: 3}
  m_Name: 
  m_EditorClassIdentifier: 
  m_IgnoreReversedGraphics: 1
  m_BlockingObjects: 0
  m_BlockingMask:
    serializedVersion: 2
    m_Bits: 4294967295
--- !u!114 &520183142
MonoBehaviour:
  m_ObjectHideFlags: 0
  m_PrefabParentObject: {fileID: 0}
  m_PrefabInternal: {fileID: 0}
  m_GameObject: {fileID: 520183139}
  m_Enabled: 1
  m_EditorHideFlags: 0
  m_Script: {fileID: 1980459831, guid: f5f67c52d1564df4a8936ccd202a3bd8, type: 3}
  m_Name: 
  m_EditorClassIdentifier: 
  m_UiScaleMode: 1
  m_ReferencePixelsPerUnit: 100
  m_ScaleFactor: 1
  m_ReferenceResolution: {x: 1000, y: 1600}
  m_ScreenMatchMode: 0
  m_MatchWidthOrHeight: 0
  m_PhysicalUnit: 3
  m_FallbackScreenDPI: 96
  m_DefaultSpriteDPI: 96
  m_DynamicPixelsPerUnit: 1
--- !u!223 &520183143
Canvas:
  m_ObjectHideFlags: 0
  m_PrefabParentObject: {fileID: 0}
  m_PrefabInternal: {fileID: 0}
  m_GameObject: {fileID: 520183139}
  m_Enabled: 1
  serializedVersion: 3
  m_RenderMode: 0
  m_Camera: {fileID: 0}
  m_PlaneDistance: 100
  m_PixelPerfect: 0
  m_ReceivesEvents: 1
  m_OverrideSorting: 0
  m_OverridePixelPerfect: 0
  m_SortingBucketNormalizedSize: 0
  m_AdditionalShaderChannelsFlag: 0
  m_SortingLayerID: 0
  m_SortingOrder: 0
  m_TargetDisplay: 0
--- !u!1001 &546438318
Prefab:
  m_ObjectHideFlags: 0
  serializedVersion: 2
  m_Modification:
    m_TransformParent: {fileID: 1564503846}
    m_Modifications:
    - target: {fileID: 224597606996335984, guid: 61c8cd21393b28e428705857bfbf32b4,
        type: 2}
      propertyPath: m_LocalPosition.x
      value: 0
      objectReference: {fileID: 0}
    - target: {fileID: 224597606996335984, guid: 61c8cd21393b28e428705857bfbf32b4,
        type: 2}
      propertyPath: m_LocalPosition.y
      value: 0
      objectReference: {fileID: 0}
    - target: {fileID: 224597606996335984, guid: 61c8cd21393b28e428705857bfbf32b4,
        type: 2}
      propertyPath: m_LocalPosition.z
      value: 0
      objectReference: {fileID: 0}
    - target: {fileID: 224597606996335984, guid: 61c8cd21393b28e428705857bfbf32b4,
        type: 2}
      propertyPath: m_LocalRotation.x
      value: 0
      objectReference: {fileID: 0}
    - target: {fileID: 224597606996335984, guid: 61c8cd21393b28e428705857bfbf32b4,
        type: 2}
      propertyPath: m_LocalRotation.y
      value: 0
      objectReference: {fileID: 0}
    - target: {fileID: 224597606996335984, guid: 61c8cd21393b28e428705857bfbf32b4,
        type: 2}
      propertyPath: m_LocalRotation.z
      value: 0
      objectReference: {fileID: 0}
    - target: {fileID: 224597606996335984, guid: 61c8cd21393b28e428705857bfbf32b4,
        type: 2}
      propertyPath: m_LocalRotation.w
      value: 1
      objectReference: {fileID: 0}
    - target: {fileID: 224597606996335984, guid: 61c8cd21393b28e428705857bfbf32b4,
        type: 2}
      propertyPath: m_RootOrder
      value: 4
      objectReference: {fileID: 0}
    - target: {fileID: 224597606996335984, guid: 61c8cd21393b28e428705857bfbf32b4,
        type: 2}
      propertyPath: m_AnchoredPosition.x
      value: 100
      objectReference: {fileID: 0}
    - target: {fileID: 224597606996335984, guid: 61c8cd21393b28e428705857bfbf32b4,
        type: 2}
      propertyPath: m_AnchoredPosition.y
      value: -361
      objectReference: {fileID: 0}
    - target: {fileID: 224597606996335984, guid: 61c8cd21393b28e428705857bfbf32b4,
        type: 2}
      propertyPath: m_SizeDelta.x
      value: 800
      objectReference: {fileID: 0}
    - target: {fileID: 224597606996335984, guid: 61c8cd21393b28e428705857bfbf32b4,
        type: 2}
      propertyPath: m_SizeDelta.y
      value: 60
      objectReference: {fileID: 0}
    - target: {fileID: 224597606996335984, guid: 61c8cd21393b28e428705857bfbf32b4,
        type: 2}
      propertyPath: m_AnchorMin.x
      value: 0
      objectReference: {fileID: 0}
    - target: {fileID: 224597606996335984, guid: 61c8cd21393b28e428705857bfbf32b4,
        type: 2}
      propertyPath: m_AnchorMin.y
      value: 1
      objectReference: {fileID: 0}
    - target: {fileID: 224597606996335984, guid: 61c8cd21393b28e428705857bfbf32b4,
        type: 2}
      propertyPath: m_AnchorMax.x
      value: 0
      objectReference: {fileID: 0}
    - target: {fileID: 224597606996335984, guid: 61c8cd21393b28e428705857bfbf32b4,
        type: 2}
      propertyPath: m_AnchorMax.y
      value: 1
      objectReference: {fileID: 0}
    - target: {fileID: 224597606996335984, guid: 61c8cd21393b28e428705857bfbf32b4,
        type: 2}
      propertyPath: m_Pivot.x
      value: 0
      objectReference: {fileID: 0}
    - target: {fileID: 224597606996335984, guid: 61c8cd21393b28e428705857bfbf32b4,
        type: 2}
      propertyPath: m_Pivot.y
      value: 1
      objectReference: {fileID: 0}
    - target: {fileID: 1129760719717258, guid: 61c8cd21393b28e428705857bfbf32b4, type: 2}
      propertyPath: m_Name
      value: btn_Notice
      objectReference: {fileID: 0}
    - target: {fileID: 114385859937185996, guid: 61c8cd21393b28e428705857bfbf32b4,
        type: 2}
      propertyPath: m_Text
      value: Aviso
      objectReference: {fileID: 0}
    m_RemovedComponents: []
  m_ParentPrefab: {fileID: 100100000, guid: 61c8cd21393b28e428705857bfbf32b4, type: 2}
  m_IsPrefabParent: 0
--- !u!1001 &585034469
Prefab:
  m_ObjectHideFlags: 0
  serializedVersion: 2
  m_Modification:
    m_TransformParent: {fileID: 1564503846}
    m_Modifications:
    - target: {fileID: 224597606996335984, guid: 61c8cd21393b28e428705857bfbf32b4,
        type: 2}
      propertyPath: m_LocalPosition.x
      value: 0
      objectReference: {fileID: 0}
    - target: {fileID: 224597606996335984, guid: 61c8cd21393b28e428705857bfbf32b4,
        type: 2}
      propertyPath: m_LocalPosition.y
      value: 0
      objectReference: {fileID: 0}
    - target: {fileID: 224597606996335984, guid: 61c8cd21393b28e428705857bfbf32b4,
        type: 2}
      propertyPath: m_LocalPosition.z
      value: 0
      objectReference: {fileID: 0}
    - target: {fileID: 224597606996335984, guid: 61c8cd21393b28e428705857bfbf32b4,
        type: 2}
      propertyPath: m_LocalRotation.x
      value: -0
      objectReference: {fileID: 0}
    - target: {fileID: 224597606996335984, guid: 61c8cd21393b28e428705857bfbf32b4,
        type: 2}
      propertyPath: m_LocalRotation.y
      value: -0
      objectReference: {fileID: 0}
    - target: {fileID: 224597606996335984, guid: 61c8cd21393b28e428705857bfbf32b4,
        type: 2}
      propertyPath: m_LocalRotation.z
      value: -0
      objectReference: {fileID: 0}
    - target: {fileID: 224597606996335984, guid: 61c8cd21393b28e428705857bfbf32b4,
        type: 2}
      propertyPath: m_LocalRotation.w
      value: 1
      objectReference: {fileID: 0}
    - target: {fileID: 224597606996335984, guid: 61c8cd21393b28e428705857bfbf32b4,
        type: 2}
      propertyPath: m_RootOrder
      value: 2
      objectReference: {fileID: 0}
    - target: {fileID: 224597606996335984, guid: 61c8cd21393b28e428705857bfbf32b4,
        type: 2}
      propertyPath: m_AnchoredPosition.x
      value: 100
      objectReference: {fileID: 0}
    - target: {fileID: 224597606996335984, guid: 61c8cd21393b28e428705857bfbf32b4,
        type: 2}
      propertyPath: m_AnchoredPosition.y
      value: -193
      objectReference: {fileID: 0}
    - target: {fileID: 224597606996335984, guid: 61c8cd21393b28e428705857bfbf32b4,
        type: 2}
      propertyPath: m_SizeDelta.x
      value: 800
      objectReference: {fileID: 0}
    - target: {fileID: 224597606996335984, guid: 61c8cd21393b28e428705857bfbf32b4,
        type: 2}
      propertyPath: m_SizeDelta.y
      value: 60
      objectReference: {fileID: 0}
    - target: {fileID: 224597606996335984, guid: 61c8cd21393b28e428705857bfbf32b4,
        type: 2}
      propertyPath: m_AnchorMin.x
      value: 0
      objectReference: {fileID: 0}
    - target: {fileID: 224597606996335984, guid: 61c8cd21393b28e428705857bfbf32b4,
        type: 2}
      propertyPath: m_AnchorMin.y
      value: 1
      objectReference: {fileID: 0}
    - target: {fileID: 224597606996335984, guid: 61c8cd21393b28e428705857bfbf32b4,
        type: 2}
      propertyPath: m_AnchorMax.x
      value: 0
      objectReference: {fileID: 0}
    - target: {fileID: 224597606996335984, guid: 61c8cd21393b28e428705857bfbf32b4,
        type: 2}
      propertyPath: m_AnchorMax.y
      value: 1
      objectReference: {fileID: 0}
    - target: {fileID: 224597606996335984, guid: 61c8cd21393b28e428705857bfbf32b4,
        type: 2}
      propertyPath: m_Pivot.x
      value: 0
      objectReference: {fileID: 0}
    - target: {fileID: 224597606996335984, guid: 61c8cd21393b28e428705857bfbf32b4,
        type: 2}
      propertyPath: m_Pivot.y
      value: 1
      objectReference: {fileID: 0}
    - target: {fileID: 1129760719717258, guid: 61c8cd21393b28e428705857bfbf32b4, type: 2}
      propertyPath: m_Name
      value: btn_Legislation
      objectReference: {fileID: 0}
    - target: {fileID: 114385859937185996, guid: 61c8cd21393b28e428705857bfbf32b4,
        type: 2}
      propertyPath: m_Text
      value: "Legislaci\xF3n"
      objectReference: {fileID: 0}
    m_RemovedComponents: []
  m_ParentPrefab: {fileID: 100100000, guid: 61c8cd21393b28e428705857bfbf32b4, type: 2}
  m_IsPrefabParent: 0
--- !u!1 &792416615
GameObject:
  m_ObjectHideFlags: 0
  m_PrefabParentObject: {fileID: 0}
  m_PrefabInternal: {fileID: 0}
  serializedVersion: 5
  m_Component:
  - component: {fileID: 792416620}
  - component: {fileID: 792416619}
  - component: {fileID: 792416618}
  - component: {fileID: 792416617}
  - component: {fileID: 792416616}
  m_Layer: 0
  m_Name: Main Camera
  m_TagString: MainCamera
  m_Icon: {fileID: 0}
  m_NavMeshLayer: 0
  m_StaticEditorFlags: 0
  m_IsActive: 1
--- !u!81 &792416616
AudioListener:
  m_ObjectHideFlags: 0
  m_PrefabParentObject: {fileID: 0}
  m_PrefabInternal: {fileID: 0}
  m_GameObject: {fileID: 792416615}
  m_Enabled: 1
--- !u!124 &792416617
Behaviour:
  m_ObjectHideFlags: 0
  m_PrefabParentObject: {fileID: 0}
  m_PrefabInternal: {fileID: 0}
  m_GameObject: {fileID: 792416615}
  m_Enabled: 1
--- !u!92 &792416618
Behaviour:
  m_ObjectHideFlags: 0
  m_PrefabParentObject: {fileID: 0}
  m_PrefabInternal: {fileID: 0}
  m_GameObject: {fileID: 792416615}
  m_Enabled: 1
--- !u!20 &792416619
Camera:
  m_ObjectHideFlags: 0
  m_PrefabParentObject: {fileID: 0}
  m_PrefabInternal: {fileID: 0}
  m_GameObject: {fileID: 792416615}
  m_Enabled: 1
  serializedVersion: 2
  m_ClearFlags: 1
  m_BackGroundColor: {r: 0.19215687, g: 0.3019608, b: 0.4745098, a: 0}
  m_NormalizedViewPortRect:
    serializedVersion: 2
    x: 0
    y: 0
    width: 1
    height: 1
  near clip plane: 0.3
  far clip plane: 1000
  field of view: 60
  orthographic: 1
  orthographic size: 5
  m_Depth: -1
  m_CullingMask:
    serializedVersion: 2
    m_Bits: 4294967295
  m_RenderingPath: -1
  m_TargetTexture: {fileID: 0}
  m_TargetDisplay: 0
  m_TargetEye: 3
  m_HDR: 1
  m_AllowMSAA: 1
  m_ForceIntoRT: 0
  m_OcclusionCulling: 1
  m_StereoConvergence: 10
  m_StereoSeparation: 0.022
  m_StereoMirrorMode: 0
--- !u!4 &792416620
Transform:
  m_ObjectHideFlags: 0
  m_PrefabParentObject: {fileID: 0}
  m_PrefabInternal: {fileID: 0}
  m_GameObject: {fileID: 792416615}
  m_LocalRotation: {x: 0, y: 0, z: 0, w: 1}
  m_LocalPosition: {x: 0, y: 0, z: -10}
  m_LocalScale: {x: 1, y: 1, z: 1}
  m_Children:
  - {fileID: 520183140}
  m_Father: {fileID: 0}
  m_RootOrder: 0
  m_LocalEulerAnglesHint: {x: 0, y: 0, z: 0}
--- !u!1001 &909988308
Prefab:
  m_ObjectHideFlags: 0
  serializedVersion: 2
  m_Modification:
    m_TransformParent: {fileID: 1564503846}
    m_Modifications:
    - target: {fileID: 224597606996335984, guid: 61c8cd21393b28e428705857bfbf32b4,
        type: 2}
      propertyPath: m_LocalPosition.x
      value: 0
      objectReference: {fileID: 0}
    - target: {fileID: 224597606996335984, guid: 61c8cd21393b28e428705857bfbf32b4,
        type: 2}
      propertyPath: m_LocalPosition.y
      value: 0
      objectReference: {fileID: 0}
    - target: {fileID: 224597606996335984, guid: 61c8cd21393b28e428705857bfbf32b4,
        type: 2}
      propertyPath: m_LocalPosition.z
      value: 0
      objectReference: {fileID: 0}
    - target: {fileID: 224597606996335984, guid: 61c8cd21393b28e428705857bfbf32b4,
        type: 2}
      propertyPath: m_LocalRotation.x
      value: -0
      objectReference: {fileID: 0}
    - target: {fileID: 224597606996335984, guid: 61c8cd21393b28e428705857bfbf32b4,
        type: 2}
      propertyPath: m_LocalRotation.y
      value: -0
      objectReference: {fileID: 0}
    - target: {fileID: 224597606996335984, guid: 61c8cd21393b28e428705857bfbf32b4,
        type: 2}
      propertyPath: m_LocalRotation.z
      value: -0
      objectReference: {fileID: 0}
    - target: {fileID: 224597606996335984, guid: 61c8cd21393b28e428705857bfbf32b4,
        type: 2}
      propertyPath: m_LocalRotation.w
      value: 1
      objectReference: {fileID: 0}
    - target: {fileID: 224597606996335984, guid: 61c8cd21393b28e428705857bfbf32b4,
        type: 2}
      propertyPath: m_RootOrder
      value: 1
      objectReference: {fileID: 0}
    - target: {fileID: 224597606996335984, guid: 61c8cd21393b28e428705857bfbf32b4,
        type: 2}
      propertyPath: m_AnchoredPosition.x
      value: 100
      objectReference: {fileID: 0}
    - target: {fileID: 224597606996335984, guid: 61c8cd21393b28e428705857bfbf32b4,
        type: 2}
      propertyPath: m_AnchoredPosition.y
      value: -109
      objectReference: {fileID: 0}
    - target: {fileID: 224597606996335984, guid: 61c8cd21393b28e428705857bfbf32b4,
        type: 2}
      propertyPath: m_SizeDelta.x
      value: 800
      objectReference: {fileID: 0}
    - target: {fileID: 224597606996335984, guid: 61c8cd21393b28e428705857bfbf32b4,
        type: 2}
      propertyPath: m_SizeDelta.y
      value: 60
      objectReference: {fileID: 0}
    - target: {fileID: 224597606996335984, guid: 61c8cd21393b28e428705857bfbf32b4,
        type: 2}
      propertyPath: m_AnchorMin.x
      value: 0
      objectReference: {fileID: 0}
    - target: {fileID: 224597606996335984, guid: 61c8cd21393b28e428705857bfbf32b4,
        type: 2}
      propertyPath: m_AnchorMin.y
      value: 1
      objectReference: {fileID: 0}
    - target: {fileID: 224597606996335984, guid: 61c8cd21393b28e428705857bfbf32b4,
        type: 2}
      propertyPath: m_AnchorMax.x
      value: 0
      objectReference: {fileID: 0}
    - target: {fileID: 224597606996335984, guid: 61c8cd21393b28e428705857bfbf32b4,
        type: 2}
      propertyPath: m_AnchorMax.y
      value: 1
      objectReference: {fileID: 0}
    - target: {fileID: 224597606996335984, guid: 61c8cd21393b28e428705857bfbf32b4,
        type: 2}
      propertyPath: m_Pivot.x
      value: 0
      objectReference: {fileID: 0}
    - target: {fileID: 224597606996335984, guid: 61c8cd21393b28e428705857bfbf32b4,
        type: 2}
      propertyPath: m_Pivot.y
      value: 1
      objectReference: {fileID: 0}
    - target: {fileID: 1129760719717258, guid: 61c8cd21393b28e428705857bfbf32b4, type: 2}
      propertyPath: m_Name
      value: btn_Instalation
      objectReference: {fileID: 0}
    - target: {fileID: 114385859937185996, guid: 61c8cd21393b28e428705857bfbf32b4,
        type: 2}
      propertyPath: m_Text
      value: "Instalaci\xF3n"
      objectReference: {fileID: 0}
    m_RemovedComponents: []
  m_ParentPrefab: {fileID: 100100000, guid: 61c8cd21393b28e428705857bfbf32b4, type: 2}
  m_IsPrefabParent: 0
--- !u!1001 &1416850588
Prefab:
  m_ObjectHideFlags: 0
  serializedVersion: 2
  m_Modification:
    m_TransformParent: {fileID: 1701515586}
    m_Modifications:
    - target: {fileID: 224138012284537036, guid: 65c0010303b28794e9fc8709e3fc3da5,
        type: 2}
      propertyPath: m_LocalPosition.x
      value: 0
      objectReference: {fileID: 0}
    - target: {fileID: 224138012284537036, guid: 65c0010303b28794e9fc8709e3fc3da5,
        type: 2}
      propertyPath: m_LocalPosition.y
      value: 0
      objectReference: {fileID: 0}
    - target: {fileID: 224138012284537036, guid: 65c0010303b28794e9fc8709e3fc3da5,
        type: 2}
      propertyPath: m_LocalPosition.z
      value: 0
      objectReference: {fileID: 0}
    - target: {fileID: 224138012284537036, guid: 65c0010303b28794e9fc8709e3fc3da5,
        type: 2}
      propertyPath: m_LocalRotation.x
      value: 0
      objectReference: {fileID: 0}
    - target: {fileID: 224138012284537036, guid: 65c0010303b28794e9fc8709e3fc3da5,
        type: 2}
      propertyPath: m_LocalRotation.y
      value: 0
      objectReference: {fileID: 0}
    - target: {fileID: 224138012284537036, guid: 65c0010303b28794e9fc8709e3fc3da5,
        type: 2}
      propertyPath: m_LocalRotation.z
      value: 0
      objectReference: {fileID: 0}
    - target: {fileID: 224138012284537036, guid: 65c0010303b28794e9fc8709e3fc3da5,
        type: 2}
      propertyPath: m_LocalRotation.w
      value: 1
      objectReference: {fileID: 0}
    - target: {fileID: 224138012284537036, guid: 65c0010303b28794e9fc8709e3fc3da5,
        type: 2}
      propertyPath: m_RootOrder
      value: 0
      objectReference: {fileID: 0}
    - target: {fileID: 224138012284537036, guid: 65c0010303b28794e9fc8709e3fc3da5,
        type: 2}
      propertyPath: m_AnchoredPosition.x
      value: 0
      objectReference: {fileID: 0}
    - target: {fileID: 224138012284537036, guid: 65c0010303b28794e9fc8709e3fc3da5,
        type: 2}
      propertyPath: m_AnchoredPosition.y
      value: 0
      objectReference: {fileID: 0}
    - target: {fileID: 224138012284537036, guid: 65c0010303b28794e9fc8709e3fc3da5,
        type: 2}
      propertyPath: m_SizeDelta.x
      value: 0
      objectReference: {fileID: 0}
    - target: {fileID: 224138012284537036, guid: 65c0010303b28794e9fc8709e3fc3da5,
        type: 2}
      propertyPath: m_SizeDelta.y
      value: 60
      objectReference: {fileID: 0}
    - target: {fileID: 224138012284537036, guid: 65c0010303b28794e9fc8709e3fc3da5,
        type: 2}
      propertyPath: m_AnchorMin.x
      value: 0
      objectReference: {fileID: 0}
    - target: {fileID: 224138012284537036, guid: 65c0010303b28794e9fc8709e3fc3da5,
        type: 2}
      propertyPath: m_AnchorMin.y
      value: 1
      objectReference: {fileID: 0}
    - target: {fileID: 224138012284537036, guid: 65c0010303b28794e9fc8709e3fc3da5,
        type: 2}
      propertyPath: m_AnchorMax.x
      value: 1
      objectReference: {fileID: 0}
    - target: {fileID: 224138012284537036, guid: 65c0010303b28794e9fc8709e3fc3da5,
        type: 2}
      propertyPath: m_AnchorMax.y
      value: 1
      objectReference: {fileID: 0}
    - target: {fileID: 224138012284537036, guid: 65c0010303b28794e9fc8709e3fc3da5,
        type: 2}
      propertyPath: m_Pivot.x
      value: 0
      objectReference: {fileID: 0}
    - target: {fileID: 224138012284537036, guid: 65c0010303b28794e9fc8709e3fc3da5,
        type: 2}
      propertyPath: m_Pivot.y
      value: 1
      objectReference: {fileID: 0}
    - target: {fileID: 224472520318691660, guid: 65c0010303b28794e9fc8709e3fc3da5,
        type: 2}
      propertyPath: m_AnchoredPosition.x
      value: 25
      objectReference: {fileID: 0}
    m_RemovedComponents: []
  m_ParentPrefab: {fileID: 100100000, guid: 65c0010303b28794e9fc8709e3fc3da5, type: 2}
  m_IsPrefabParent: 0
--- !u!1001 &1564503845
Prefab:
  m_ObjectHideFlags: 0
  serializedVersion: 2
  m_Modification:
    m_TransformParent: {fileID: 1701515586}
    m_Modifications:
    - target: {fileID: 224330742714729526, guid: 0162223fc53af7040ac82dab0654db8c,
        type: 2}
      propertyPath: m_LocalPosition.x
      value: 0
      objectReference: {fileID: 0}
    - target: {fileID: 224330742714729526, guid: 0162223fc53af7040ac82dab0654db8c,
        type: 2}
      propertyPath: m_LocalPosition.y
      value: 0
      objectReference: {fileID: 0}
    - target: {fileID: 224330742714729526, guid: 0162223fc53af7040ac82dab0654db8c,
        type: 2}
      propertyPath: m_LocalPosition.z
      value: 0
      objectReference: {fileID: 0}
    - target: {fileID: 224330742714729526, guid: 0162223fc53af7040ac82dab0654db8c,
        type: 2}
      propertyPath: m_LocalRotation.x
      value: 0
      objectReference: {fileID: 0}
    - target: {fileID: 224330742714729526, guid: 0162223fc53af7040ac82dab0654db8c,
        type: 2}
      propertyPath: m_LocalRotation.y
      value: 0
      objectReference: {fileID: 0}
    - target: {fileID: 224330742714729526, guid: 0162223fc53af7040ac82dab0654db8c,
        type: 2}
      propertyPath: m_LocalRotation.z
      value: 0
      objectReference: {fileID: 0}
    - target: {fileID: 224330742714729526, guid: 0162223fc53af7040ac82dab0654db8c,
        type: 2}
      propertyPath: m_LocalRotation.w
      value: 1
      objectReference: {fileID: 0}
    - target: {fileID: 224330742714729526, guid: 0162223fc53af7040ac82dab0654db8c,
        type: 2}
      propertyPath: m_RootOrder
      value: 2
      objectReference: {fileID: 0}
    - target: {fileID: 224330742714729526, guid: 0162223fc53af7040ac82dab0654db8c,
        type: 2}
      propertyPath: m_AnchoredPosition.x
      value: 0
      objectReference: {fileID: 0}
    - target: {fileID: 224330742714729526, guid: 0162223fc53af7040ac82dab0654db8c,
        type: 2}
      propertyPath: m_AnchoredPosition.y
      value: -61.5
      objectReference: {fileID: 0}
    - target: {fileID: 224330742714729526, guid: 0162223fc53af7040ac82dab0654db8c,
        type: 2}
      propertyPath: m_SizeDelta.x
      value: 0
      objectReference: {fileID: 0}
    - target: {fileID: 224330742714729526, guid: 0162223fc53af7040ac82dab0654db8c,
        type: 2}
      propertyPath: m_SizeDelta.y
      value: 470
      objectReference: {fileID: 0}
    - target: {fileID: 224330742714729526, guid: 0162223fc53af7040ac82dab0654db8c,
        type: 2}
      propertyPath: m_AnchorMin.x
      value: 0
      objectReference: {fileID: 0}
    - target: {fileID: 224330742714729526, guid: 0162223fc53af7040ac82dab0654db8c,
        type: 2}
      propertyPath: m_AnchorMin.y
      value: 1
      objectReference: {fileID: 0}
    - target: {fileID: 224330742714729526, guid: 0162223fc53af7040ac82dab0654db8c,
        type: 2}
      propertyPath: m_AnchorMax.x
      value: 1
      objectReference: {fileID: 0}
    - target: {fileID: 224330742714729526, guid: 0162223fc53af7040ac82dab0654db8c,
        type: 2}
      propertyPath: m_AnchorMax.y
      value: 1
      objectReference: {fileID: 0}
    - target: {fileID: 224330742714729526, guid: 0162223fc53af7040ac82dab0654db8c,
        type: 2}
      propertyPath: m_Pivot.x
      value: 0
      objectReference: {fileID: 0}
    - target: {fileID: 224330742714729526, guid: 0162223fc53af7040ac82dab0654db8c,
        type: 2}
      propertyPath: m_Pivot.y
      value: 1
      objectReference: {fileID: 0}
    - target: {fileID: 1290561602262138, guid: 0162223fc53af7040ac82dab0654db8c, type: 2}
      propertyPath: m_Name
      value: pnl_Menu
      objectReference: {fileID: 0}
    m_RemovedComponents:
    - {fileID: 114999686925365954, guid: 0162223fc53af7040ac82dab0654db8c, type: 2}
  m_ParentPrefab: {fileID: 100100000, guid: 0162223fc53af7040ac82dab0654db8c, type: 2}
  m_IsPrefabParent: 0
--- !u!224 &1564503846 stripped
RectTransform:
  m_PrefabParentObject: {fileID: 224330742714729526, guid: 0162223fc53af7040ac82dab0654db8c,
    type: 2}
  m_PrefabInternal: {fileID: 1564503845}
--- !u!1 &1564503847 stripped
GameObject:
  m_PrefabParentObject: {fileID: 1290561602262138, guid: 0162223fc53af7040ac82dab0654db8c,
    type: 2}
  m_PrefabInternal: {fileID: 1564503845}
--- !u!114 &1564503848
MonoBehaviour:
  m_ObjectHideFlags: 0
  m_PrefabParentObject: {fileID: 0}
  m_PrefabInternal: {fileID: 0}
  m_GameObject: {fileID: 1564503847}
  m_Enabled: 1
  m_EditorHideFlags: 0
  m_Script: {fileID: 1297475563, guid: f70555f144d8491a825f0804e09c671c, type: 3}
  m_Name: 
  m_EditorClassIdentifier: 
  m_Padding:
    m_Left: 100
    m_Right: 100
    m_Top: 25
    m_Bottom: 25
  m_ChildAlignment: 0
  m_Spacing: 0
  m_ChildForceExpandWidth: 1
  m_ChildForceExpandHeight: 1
  m_ChildControlWidth: 1
  m_ChildControlHeight: 0
--- !u!1001 &1701515585
Prefab:
  m_ObjectHideFlags: 0
  serializedVersion: 2
  m_Modification:
    m_TransformParent: {fileID: 520183140}
    m_Modifications:
    - target: {fileID: 224124261082637756, guid: 7aafe74574633174f850cb7ff8e0ae4c,
        type: 2}
      propertyPath: m_LocalPosition.x
      value: 0
      objectReference: {fileID: 0}
    - target: {fileID: 224124261082637756, guid: 7aafe74574633174f850cb7ff8e0ae4c,
        type: 2}
      propertyPath: m_LocalPosition.y
      value: 0
      objectReference: {fileID: 0}
    - target: {fileID: 224124261082637756, guid: 7aafe74574633174f850cb7ff8e0ae4c,
        type: 2}
      propertyPath: m_LocalPosition.z
      value: 0
      objectReference: {fileID: 0}
    - target: {fileID: 224124261082637756, guid: 7aafe74574633174f850cb7ff8e0ae4c,
        type: 2}
      propertyPath: m_LocalRotation.x
      value: 0
      objectReference: {fileID: 0}
    - target: {fileID: 224124261082637756, guid: 7aafe74574633174f850cb7ff8e0ae4c,
        type: 2}
      propertyPath: m_LocalRotation.y
      value: 0
      objectReference: {fileID: 0}
    - target: {fileID: 224124261082637756, guid: 7aafe74574633174f850cb7ff8e0ae4c,
        type: 2}
      propertyPath: m_LocalRotation.z
      value: 0
      objectReference: {fileID: 0}
    - target: {fileID: 224124261082637756, guid: 7aafe74574633174f850cb7ff8e0ae4c,
        type: 2}
      propertyPath: m_LocalRotation.w
      value: 1
      objectReference: {fileID: 0}
    - target: {fileID: 224124261082637756, guid: 7aafe74574633174f850cb7ff8e0ae4c,
        type: 2}
      propertyPath: m_RootOrder
      value: 0
      objectReference: {fileID: 0}
    - target: {fileID: 224124261082637756, guid: 7aafe74574633174f850cb7ff8e0ae4c,
        type: 2}
      propertyPath: m_AnchoredPosition.x
      value: 0
      objectReference: {fileID: 0}
    - target: {fileID: 224124261082637756, guid: 7aafe74574633174f850cb7ff8e0ae4c,
        type: 2}
      propertyPath: m_AnchoredPosition.y
      value: 0
      objectReference: {fileID: 0}
    - target: {fileID: 224124261082637756, guid: 7aafe74574633174f850cb7ff8e0ae4c,
        type: 2}
      propertyPath: m_SizeDelta.x
      value: 0
      objectReference: {fileID: 0}
    - target: {fileID: 224124261082637756, guid: 7aafe74574633174f850cb7ff8e0ae4c,
        type: 2}
      propertyPath: m_SizeDelta.y
      value: -30
      objectReference: {fileID: 0}
    - target: {fileID: 224124261082637756, guid: 7aafe74574633174f850cb7ff8e0ae4c,
        type: 2}
      propertyPath: m_AnchorMin.x
      value: 0
      objectReference: {fileID: 0}
    - target: {fileID: 224124261082637756, guid: 7aafe74574633174f850cb7ff8e0ae4c,
        type: 2}
      propertyPath: m_AnchorMin.y
      value: 0
      objectReference: {fileID: 0}
    - target: {fileID: 224124261082637756, guid: 7aafe74574633174f850cb7ff8e0ae4c,
        type: 2}
      propertyPath: m_AnchorMax.x
      value: 1
      objectReference: {fileID: 0}
    - target: {fileID: 224124261082637756, guid: 7aafe74574633174f850cb7ff8e0ae4c,
        type: 2}
      propertyPath: m_AnchorMax.y
      value: 1
      objectReference: {fileID: 0}
    - target: {fileID: 224124261082637756, guid: 7aafe74574633174f850cb7ff8e0ae4c,
        type: 2}
      propertyPath: m_Pivot.x
      value: 0.5
      objectReference: {fileID: 0}
    - target: {fileID: 224124261082637756, guid: 7aafe74574633174f850cb7ff8e0ae4c,
        type: 2}
      propertyPath: m_Pivot.y
      value: 0.5
      objectReference: {fileID: 0}
    m_RemovedComponents: []
  m_ParentPrefab: {fileID: 100100000, guid: 7aafe74574633174f850cb7ff8e0ae4c, type: 2}
  m_IsPrefabParent: 0
--- !u!224 &1701515586 stripped
RectTransform:
  m_PrefabParentObject: {fileID: 224124261082637756, guid: 7aafe74574633174f850cb7ff8e0ae4c,
    type: 2}
  m_PrefabInternal: {fileID: 1701515585}
